@article{ocpb:16,
    author       = {B. O'Donoghue and E. Chu and N. Parikh and S. Boyd},
    title        = {Conic Optimization via Operator Splitting and Homogeneous Self-Dual Embedding},
    journal      = {Journal of Optimization Theory and Applications},
    month        = {June},
    year         = {2016},
    volume       = {169},
    number       = {3},
    pages        = {1042-1068},
    url          = {http://stanford.edu/~boyd/papers/scs.html},
}
@misc{scs,
    author       = {B. O'Donoghue and E. Chu and N. Parikh and S. Boyd},
    title        = {{SCS}: Splitting Conic Solver, version 2.1.2},
    howpublished = {\url{https://github.com/cvxgrp/scs}},
    month        = nov,
    year         = 2019
}
@article{cvxpy,
  author  = {Steven Diamond and Stephen Boyd},
  title   = {{CVXPY}: A {P}ython-Embedded Modeling Language for Convex Optimization},
  journal = {Journal of Machine Learning Research},
  year    = {2016},
  volume  = {17},
  number  = {83},
  pages   = {1--5},
}
@book{Mahoney2013,
  author    = {Matt Mahoney}, 
  title     = {Data Compression Explained},
  publisher = {Dell, Inc},
  year      = 2013,
}
@misc{Coalson2008,
    author       = {J. Coalson},
    title        = {Flac-free lossles audio codec},
    howpublished = {\url{http://flac.sourceforge.net}},
    year         = 2008
}
@book{Fisher1959,
  author = {R. A. Fisher},
  title = {Statistical methods and scientific inference (2nd edition)},
  publisher = {Hafner Publishing Co.},
  year = 1959,
}
@phdthesis{Nemenyi1963,
  author       = {P. B. Nemenyi}, 
  title        = {Distribution-free multiple comparisons},
  school       = {Princeton University},
  year         = 1963,
}
